% Encoding: UTF-8

@Article{vorontsov2015bigartm,
  author  = {Vorontsov, Konstantin},
  journal = {URL: https://media. readthedocs. org/pdf/bigartm/latest/bigartm. pdf (дата обращения: 30.09. 2017)},
  title   = {BigARTM Documentation},
  year    = {2015},
}

@Article{vorontsov2015topic,
  author = {Воронцов, КВ and Фрей, АИ and Апишев, МА and Потапенко, АА},
  title  = {Тематическое моделирование в BigARTM: теория, алгоритмы, приложения},
  year   = {2015},
}

@InProceedings{mirzagitova2016automatic,
  author    = {Mirzagitova, Aliya and Mitrofanova, Olga},
  booktitle = {Proceedings of 7th Tutorial and Research Workshop on Experimental Linguistics, ExLing},
  title     = {Automatic assignment of labels in Topic Modelling for Russian Corpora},
  year      = {2016},
  pages     = {115--118},
}

@Article{kozbagarov2021new,
  author    = {Kozbagarov, Olzhas and Mussabayev, Rustam and Mladenovic, Nenad},
  journal   = {Symmetry},
  title     = {A New Sentence-Based Interpretative Topic Modeling and Automatic Topic Labeling},
  year      = {2021},
  number    = {5},
  pages     = {837},
  volume    = {13},
  publisher = {MDPI},
}

@InProceedings{mao2012automatic,
  author    = {Mao, Xian-Ling and Ming, Zhao-Yan and Zha, Zheng-Jun and Chua, Tat-Seng and Yan, Hongfei and Li, Xiaoming},
  booktitle = {Proceedings of the 21st ACM international conference on Information and knowledge management},
  title     = {Automatic labeling hierarchical topics},
  year      = {2012},
  pages     = {2383--2386},
}

@Article{he2019automatic,
  author    = {He, Dongbin and Wang, Minjuan and Khattak, Abdul Mateen and Zhang, Li and Gao, Wanlin},
  journal   = {IEEE Access},
  title     = {Automatic labeling of topic models using graph-based ranking},
  year      = {2019},
  pages     = {131593--131608},
  volume    = {7},
  publisher = {IEEE},
}

@InProceedings{mei2007automatic,
  author    = {Mei, Qiaozhu and Shen, Xuehua and Zhai, ChengXiang},
  booktitle = {Proceedings of the 13th ACM SIGKDD international conference on Knowledge discovery and data mining},
  title     = {Automatic labeling of multinomial topic models},
  year      = {2007},
  pages     = {490--499},
}

@InProceedings{cui2016automatic,
  author       = {Cui, Lishan and Zhang, Xiuzhen and Kimpton, Amanda and D’Souza, Daryl},
  booktitle    = {Australasian Database Conference},
  title        = {Automatic labelling of topics via analysis of user summaries},
  year         = {2016},
  organization = {Springer},
  pages        = {295--307},
}

@InProceedings{kilgarriff1997using,
  author    = {Kilgarriff, Adam},
  booktitle = {Fifth Workshop on Very Large Corpora},
  title     = {Using word frequency lists to measure corpus homogeneity and similarity between corpora},
  year      = {1997},
}

@InProceedings{cavaglia2002measuring,
  author    = {Cavaglia, Gabriela and others},
  booktitle = {LREC},
  title     = {Measuring corpus homogeneity using a range of measures for inter-document distance.},
  year      = {2002},
}

@Book{gledson2008measuring,
  author    = {Gledson, Ann Lesley},
  publisher = {The University of Manchester (United Kingdom)},
  title     = {Measuring topic homogeneity and its application to dictionary-based word sense disambiguation},
  year      = {2008},
}

@Article{lai2020diversity,
  author  = {Lai, Yi-An and Zhu, Xuan and Zhang, Yi and Diab, Mona},
  journal = {arXiv preprint arXiv:2003.08529},
  title   = {Diversity, density, and homogeneity: Quantitative characteristic metrics for text collections},
  year    = {2020},
}

@Article{wang2021phrase,
  author  = {Wang, Shufan and Thompson, Laure and Iyyer, Mohit},
  journal = {arXiv preprint arXiv:2109.06304},
  title   = {Phrase-bert: Improved phrase embeddings from bert with an application to corpus exploration},
  year    = {2021},
}

@Article{grootendorst2022bertopic,
  author  = {Grootendorst, Maarten},
  journal = {arXiv preprint arXiv:2203.05794},
  title   = {BERTopic: Neural topic modeling with a class-based TF-IDF procedure},
  year    = {2022},
}

@Article{nguyen2021contrastive,
  author  = {Nguyen, Thong and Luu, Anh Tuan},
  journal = {Advances in Neural Information Processing Systems},
  title   = {Contrastive learning for neural topic model},
  year    = {2021},
  pages   = {11974--11986},
  volume  = {34},
}

@InProceedings{aletras2014labelling,
  author    = {Aletras, Nikolaos and Stevenson, Mark},
  booktitle = {Proceedings of the 52nd Annual Meeting of the Association for Computational Linguistics (Volume 2: Short Papers)},
  title     = {Labelling topics using unsupervised graph-based methods},
  year      = {2014},
  pages     = {631--636},
}

@Article{dunning1993accurate,
  author  = {Dunning, Ted E},
  journal = {Computational linguistics},
  title   = {Accurate methods for the statistics of surprise and coincidence},
  year    = {1993},
  number  = {1},
  pages   = {61--74},
  volume  = {19},
}

@Comment{jabref-meta: databaseType:bibtex;}
